%% This BibTeX bibliography file was created using BibDesk.
%% http://bibdesk.sourceforge.net/

%% Created for Sith Jaisong at 2015-11-09 12:05:14 +0800 


%% Saved with string encoding Unicode (UTF-8) 



@article{Savary_2000_Quantification,
	Author = {Serge Savary and Laetitia Willocquet and Francisco A. Elazegui and Nancy P. Castilla and Paul S. Teng},
	Doi = {10.1094/pdis.2000.84.3.357},
	Journal = {Plant Disease},
	Month = {mar},
	Number = {3},
	Pages = {357--369},
	Publisher = {Scientific Societies},
	Title = {{Rice Pest Constraints in Tropical Asia: Quantification of Yield Losses Due to Rice Pests in a Range of Production Situations}},
	Url = {http://dx.doi.org/10.1094/pdis.2000.84.3.357},
	Volume = {84},
	Year = {2000},
	Bdsk-Url-1 = {http://dx.doi.org/10.1094/pdis.2000.84.3.357}}

@article{Savary_2005_Multiple,
	Author = {Serge Savary and Nancy P. Castilla and F.A. Elazegui and Paul S. Teng},
	Doi = {10.1016/j.fcr.2004.07.017},
	Journal = {Field Crops Research},
	Month = {feb},
	Number = {2-3},
	Pages = {263--271},
	Publisher = {Elsevier {BV}},
	Title = {{Multiple effects of two drivers of agricultural change labour shortage and water scarcity, on rice pest profiles in tropical Asia}},
	Url = {http://dx.doi.org/10.1016/j.fcr.2004.07.017},
	Volume = {91},
	Year = {2005},
	Bdsk-Url-1 = {http://dx.doi.org/10.1016/j.fcr.2004.07.017}}

@article{Savary_2000_Characterization,
	Author = {Serge Savary and Laetitia Willocquet and Francisco A. Elazegui and Paul S. Teng and Pham Van Du and Defeng Zhu and Qiyi Tang and Shiwen Huang and Xianquing Lin and H. M. Singh and R. K. Srivastava},
	Doi = {10.1094/pdis.2000.84.3.341},
	Journal = {Plant Disease},
	Month = {mar},
	Number = {3},
	Pages = {341--356},
	Publisher = {Scientific Societies},
	Title = {{Rice Pest Constraints in Tropical Asia: Characterization of Injury Profiles in Relation to Production Situations}},
	Url = {http://dx.doi.org/10.1094/pdis.2000.84.3.341},
	Volume = {84},
	Year = {2000},
	Bdsk-Url-1 = {http://dx.doi.org/10.1094/pdis.2000.84.3.341}}

@article{Willocquet_2008_Simulating,
	Author = {L. Willocquet and J.N. Aubertot and S. Lebard and C. Robert and C. Lannou and S. Savary},
	Doi = {10.1016/j.fcr.2007.12.013},
	Journal = {Field Crops Research},
	Month = {apr},
	Number = {1},
	Pages = {12--28},
	Publisher = {Elsevier {BV}},
	Title = {{Simulating multiple pest damage in varying winter wheat production situations}},
	Url = {http://dx.doi.org/10.1016/j.fcr.2007.12.013},
	Volume = {107},
	Year = {2008},
	Bdsk-Url-1 = {http://dx.doi.org/10.1016/j.fcr.2007.12.013}}

@article{Liu_2004_Interpretation,
	Author = {Jiping Liu},
	Date-Modified = {2015-11-09 04:04:55 +0000},
	Doi = {10.1029/2003gl018732},
	Journal = {Geophys. Res. Lett.},
	Number = {2},
	Publisher = {Wiley-Blackwell},
	Title = {{Interpretation of recent Antarctic sea ice variability}},
	Url = {http://dx.doi.org/10.1029/2003gl018732},
	Volume = {31},
	Year = {2004},
	Bdsk-Url-1 = {http://dx.doi.org/10.1029/2003gl018732}}

@article{Dong_2010_Characterization,
	Author = {Kun Dong and Bin Chen and Zhengyue Li and Yan Dong and Hailong Wang},
	Doi = {10.1016/j.cropro.2010.01.007},
	Journal = {Crop Protection},
	Month = {jun},
	Number = {6},
	Pages = {603--611},
	Publisher = {Elsevier {BV}},
	Title = {{A characterization of rice pests and quantification of yield losses in the japonica rice zone of Yunnan China}},
	Url = {http://dx.doi.org/10.1016/j.cropro.2010.01.007},
	Volume = {29},
	Year = {2010},
	Bdsk-Url-1 = {http://dx.doi.org/10.1016/j.cropro.2010.01.007}}

@article{Reddy_2011_Characterizing,
	Author = {C.S. Reddy and G.S. Laha and M.S. Prasad and D. Krishnaveni and N.P. Castilla and A. Nelson and S. Savary},
	Doi = {10.1016/j.fcr.2010.10.005},
	Journal = {Field Crops Research},
	Month = {jan},
	Number = {2},
	Pages = {241--253},
	Publisher = {Elsevier {BV}},
	Title = {{Characterizing multiple linkages between individual diseases crop health syndromes, germplasm deployment, and rice production situations in India}},
	Url = {http://dx.doi.org/10.1016/j.fcr.2010.10.005},
	Volume = {120},
	Year = {2011},
	Bdsk-Url-1 = {http://dx.doi.org/10.1016/j.fcr.2010.10.005}}

@incollection{Savary_1995_Use,
	Author = {S. Savary and L.V. Madden and J.C. Zadoks and H.W. Klein-Gebbinck},
	Booktitle = {Advances in Botanical Research},
	Date-Modified = {2015-11-09 04:04:31 +0000},
	Doi = {10.1016/s0065-2296(08)60014-2},
	Pages = {213--240},
	Publisher = {Elsevier {BV}},
	Title = {{Use of Categorical Information and Correspondence Analysis in Plant Disease Epidemiology}},
	Url = {http://dx.doi.org/10.1016/s0065-2296(08)60014-2},
	Year = {1995},
	Bdsk-Url-1 = {http://dx.doi.org/10.1016/s0065-2296(08)60014-2}}

@article{Moslonka_Lefebvre_2011,
	Author = {Mathieu Moslonka-Lefebvre and Ann Finley and Ilaria Dorigatti and Katharina Dehnen-Schmutz and Tom Harwood and Michael J. Jeger and Xiangming Xu and Ottmar Holdenrieder and Marco Pautasso},
	Doi = {10.1094/phyto-07-10-0192},
	Journal = {Phytopathology},
	Month = {apr},
	Number = {4},
	Pages = {392--403},
	Publisher = {Scientific Societies},
	Title = {{Networks in Plant Epidemiology: From Genes to Landscapes Countries, and Continents}},
	Url = {http://dx.doi.org/10.1094/phyto-07-10-0192},
	Volume = {101},
	Year = {2011},
	Bdsk-Url-1 = {http://dx.doi.org/10.1094/phyto-07-10-0192}}

@article{Toubiana_2013,
	Author = {David Toubiana and Alisdair R. Fernie and Zoran Nikoloski and Aaron Fait},
	Doi = {10.1016/j.tibtech.2012.10.011},
	Journal = {Trends in Biotechnology},
	Month = {jan},
	Number = {1},
	Pages = {29--36},
	Publisher = {Elsevier {BV}},
	Title = {{Network analysis: tackling complex data to study plant metabolism}},
	Url = {http://dx.doi.org/10.1016/j.tibtech.2012.10.011},
	Volume = {31},
	Year = {2013},
	Bdsk-Url-1 = {http://dx.doi.org/10.1016/j.tibtech.2012.10.011}}

@article{Proulx_2005_Network,
	Author = {S Proulx and D Promislow and P Phillips},
	Date-Modified = {2015-11-09 04:04:40 +0000},
	Doi = {10.1016/j.tree.2005.04.004},
	Journal = {Trends in Ecology {\&} Evolution},
	Month = {jun},
	Number = {6},
	Pages = {345--353},
	Publisher = {Elsevier {BV}},
	Title = {{Network thinking in ecology and evolution}},
	Url = {http://dx.doi.org/10.1016/j.tree.2005.04.004},
	Volume = {20},
	Year = {2005},
	Bdsk-Url-1 = {http://dx.doi.org/10.1016/j.tree.2005.04.004}}

@article{Savarysurvey2009,
	Author = {Savary, S and Castilla, N.P},
	Journal = {{IRRI Discussion Paper No 18}},
	Pages = {{32}},
	Title = {{A survey portfolio to characterize yield-reducing factors in rice}},
	Year = {2009}}

@article{Valente_2008_How,
	Author = {Valente, Thomas W and Coronges, Kathryn and Lakon, Cynthia and Costenbader, Elizabeth},
	Date-Modified = {2015-11-09 04:04:05 +0000},
	Journal = {Connections (Toronto, Ont.)},
	Month = {jan},
	Number = {1},
	Pages = {16--26},
	Title = {{How Correlated Are Network Centrality Measures?}},
	Volume = {28},
	Year = {2008}}

@manual{R_2015,
	Address = {Vienna, Austria},
	Author = {{R Core Team}},
	Organization = {R Foundation for Statistical Computing},
	Title = {{R: A Language and Environment for Statistical Computing}},
	Url = {{https://www.R-project.org/}},
	Year = {2015},
	Bdsk-Url-1 = {%7Bhttps://www.R-project.org/%7D}}

@article{Langfelder_2008_WGCNA,
	Author = {Peter Langfelder and Steve Horvath},
	Date-Modified = {2015-11-09 04:05:02 +0000},
	Doi = {10.1186/1471-2105-9-559},
	Journal = {{BMC} Bioinformatics},
	Number = {1},
	Pages = {559},
	Publisher = {Springer Science $\mathplus$ Business Media},
	Title = {{{WGCNA}: an R package for weighted correlation network analysis}},
	Url = {http://dx.doi.org/10.1186/1471-2105-9-559},
	Volume = {9},
	Year = {2008},
	Bdsk-Url-1 = {http://dx.doi.org/10.1186/1471-2105-9-559}}

@article{igraph_2006,
	Author = {Gabor Csardi and Tamas Nepusz},
	Journal = {InterJournal},
	Pages = {1695},
	Title = {{The igraph software package for complex network research}},
	Url = {{http://igraph.org}},
	Volume = {Complex Systems},
	Year = {2006},
	Bdsk-Url-1 = {%7Bhttp://igraph.org%7D}}

@article{Savary_2006_Quantification,
	Author = {Serge Savary and Paul S. Teng and Laetitia Willocquet and Forrest W. Nutter},
	Date-Modified = {2015-11-09 04:04:21 +0000},
	Doi = {10.1146/annurev.phyto.44.070505.143342},
	Journal = {Annu. Rev. Phytopathol.},
	Month = {sep},
	Number = {1},
	Pages = {89--112},
	Publisher = {Annual Reviews},
	Title = {{Quantification and Modeling of Crop Losses: A Review of Purposes}},
	Url = {http://dx.doi.org/10.1146/annurev.phyto.44.070505.143342},
	Volume = {44},
	Year = {2006},
	Bdsk-Url-1 = {http://dx.doi.org/10.1146/annurev.phyto.44.070505.143342}}

@article{Lamichhane_2015_Synergisms,
	Author = {Jay Ram Lamichhane and Vittorio Venturi},
	Date-Modified = {2015-11-09 04:05:14 +0000},
	Doi = {10.3389/fpls.2015.00385},
	Journal = {Frontiers in Plant Science},
	Month = {may},
	Publisher = {Frontiers Media {SA}},
	Title = {{Synergisms between microbial pathogens in plant disease complexes: a growing trend}},
	Url = {http://dx.doi.org/10.3389/fpls.2015.00385},
	Volume = {06},
	Year = {2015},
	Bdsk-Url-1 = {http://dx.doi.org/10.3389/fpls.2015.00385}}

@book{Campbell_1990_Introduction,
	Author = {Campbell, C Lee and Madden, Laurence V and others},
	Publisher = {John Wiley \& Sons.},
	Title = {{Introduction to plant disease epidemiology.}},
	Year = {1990}}

@article{Zhang_2005_General,
	Author = {Zhang, Bin and Horvath, Steve},
	Journal = {Statistical applications in genetics and molecular biology},
	Number = {1},
	Title = {{A general framework for weighted gene co-expression network analysis}},
	Volume = {4},
	Year = {2005}}
